% This file was created with JabRef 2.5.
% Encoding: UTF-8

@misc{facebook,
  title = {Internet 2011 in numbers},
  url = {http://royal.pingdom.com/2012/01/17/internet-2011-inumbers}
}

@misc{baiduPic,
  title = {百度识图},
  url = {http://image.baidu.com/?fr=shitu}
}

@misc{webseek,
  title = {webseekinfortech},
  url = {www.webseekinfotech.com/}
}

@misc{googlePic,
  title = {google图片},
  url = {http://www.google.com}
}

@misc{GettyAAT,
  title = {Art and Architecture},
  url = {https://www.getty.edu/research/tools/vocabularies/aat/index.html}
}

@ARTICLE{imagerv,
  title = {Image retrival: Current techniques, promising directions, and open issues},
  journal = {Journal of visual communication and image representation},
  year = {1999},
  month = {10},
  volume = {10},
  number = {1},
  pages = {39-62},
  author = {Rui Y, Huang T S, Chang S F}
}

@ARTICLE{TextClustering,
  title = {Text clustering based on asymmetric similarity},
  journal = {Journal of Tsinghua University},
  year = {2006},
  volume = {46},
  number = {7},
  pages = {1325-1328},
  author = {S Song ， LI Chunping}
}

@ARTICLE{CBIR,
  title = {Content-Based Image Retrieval at the End of the Early Years},
  journal = {IEEE Transactions on pattern analysis and machine intelligence},
  year = {2000},
  volume = {22},
  number = {12},
  pages = {1349-1380},
  author = {Smeulders A W M,Worring M, Santini S}
}

@misc{PageRank,
  title = {The Google Search Engine: Commercial Search Engine founded by
the Originators of PageRank},
  url = {http://www.google.com/},
  year = {2003}
}

@ARTICLE{QBIC,
  title = {The QBIC project : Query Image by content using color, texture and shape},
  journal = {Storage \& Retrieval for Image \& Video Databases},
  year = {1993},
  author = {W Niblack, R Barber}
}

@ARTICLE{Photobook,
  title = {Photobook: Content-based manipulation of image databases},
  journal = {International Journal of Computer Vision},
  year = {2006},
  volume = {18},
  number = {3},
  pages = {233-254},
  author = {A Pentland，RW Picard，S Sclaroff}
}

@INPROCEEDINGS{HSVColor1,
  title = {Efficient Image Retrieval Using Adaptive Segmentation of HSV Color Space},
  booktitle = {International Conference on Computational Science \& its Application},
  year = {2008},
  pages = {491-496},
  author = {M Riaz，G Kang，Y Kim，S Pan，J Park}
}

@INPROCEEDINGS{HSVColor2,
  title = {Hue and Saturation in the RGB Color Space},
  booktitle = {International Conference on Image \& Signal Processing},
  year = {2014},
  volume = {8509},
  pages = {203-212},
  author = {M Loesdau，S Chabrier，A Gabillon}
}

@ARTICLE{TextureFeature,
  title = {Summary of Texture Feature Research},
  journal = {COMPUTER SYSTEMS \& APPLICATIONS},
  year = {2010},
  volume = {19},
  number = {6},
  pages = {245-250},
  author = {Sun DingJun, Ma YuanYuan}
}

@ARTICLE{TextureFeature2,
  title = {Statistical and structural approaches to texture},
  journal = {Proceedings of the IEEE},
  year = {2005},
  volume = {67},
  number = {5},
  pages = {786-804},
  author = {RM Haralick}
}

@ARTICLE{ShapeFeature,
  title = {Shape Feature Extraction and Classification of Food Material Using Computer Vision},
  journal = {Transactions of the Asae},
  year = {1994},
  volume = {37},
  number = {5},
  pages = {1537-1545},
  author = {N Vol}
}

@ARTICLE{CornPoint,
  title = {角点检测技术综述},
  journal = {计算机应用研究},
  year = {2006},
  volume = {23},
  number = {10},
  pages = {17-19},
  author = {Zhao WenBin, Zhang YanNing}
}

@ARTICLE{CornPoint2,
  title = {Robust Image Corner Detection Through Curvature Scale Space},
  journal = {Springer Netherlands},
  year = {2003},
  volume = {20},
  number = {12},
  pages = {1376-1381},
  author = {F Mokhtarian，M Bober}
}

@ARTICLE{ColorHistogram,
  title = {Diffusion distance for histogram comparison},
  journal = {IEEE Computer Society},
  year = {2010},
  volume = {1},
  number = {1},
  pages = {246-253},
  author = {H Ling，K Okada}
}

@INPROCEEDINGS{GLCM,
  title = {Feature extraction for partial discharge grayscale image based on Gray Level Co-occurrence Matrix and Local Binary Pattern},
  journal = {Electrical Measurement & Instrumentation},
  year = {2017},
  author = {L Zhao，Y Zhu，Y Jia，N Zhang}
}

@ARTICLE{GLCM2,
  title = {Texture descriptors based on co-occurrence matrices},
  journal = {Computer Vision Graphics \& Image Processing},
  year = {1990},
  volume = {51},
  number = {1},
  pages = {70-86},
  author = {CC Gotlieb ， HE Kreyszig}
}

@ARTICLE{VoronoiDiagrams,
  title = {Voronoi Diagrams – A Survey of a Fundamental Geometric Data Structure},
  journal = {Acm Computing Surveys},
  year = {2010},
  volume = {23},
  number = {3},
  pages = {345-405},
  author = {A Farina，A Graziano，F Mariani，F Zirilli}
}

@ARTICLE{HoughTransform,
  title = {How the Hough Transform was Invented},
  journal = {IEEE Signal Processing Magazine},
  year = {2009},
  volume = {26},
  number = {6},
  pages = {18-22},
  author = {Hart, P. E}
}

@INPROCEEDINGS{Boundary,
  title = {Human detection using oriented histograms of flow and appearance},
  booktitle = {ACM},
  year = {2004},
  author = {N Dalal，B Triggs，C Schmid}
}

@BOOK{Fourier,
  title = {Fourier Shape Descriptors},
  publisher = {Springer London},
  year = {2013},
  author = {W Burger，MJ Burge},
}

@INPROCEEDINGS{SIFT,
  title = {Object Recognition from Local Scale-Invariant Features},
  booktitle = {ICCV},
  year = {1999},
  volume = {2},
  number = {1150},
  author = {DG Lowe}
}

@ARTICLE{Harris,
  title = {A combined corner and edge detector},
  journal = {Proc Alvey Vision Conf},
  year = {1988},
  volume = {1988},
  number = {3},
  pages = {147-151},
  author = {C Harris}
}

@ARTICLE{SIFT2,
  title = {Distinctive Image Features from Scale-Invariant Keypoints},
  journal = {International Journal of Computer Vision},
  year = {2004},
  volume = {60},
  number = {2},
  pages = {91-110},
  author = {DG Lowe}
}

@ARTICLE{KDTree,
  title = {Multidimensional binary search trees used for associative searching},
  journal = {Communications of the ACM},
  year = {1975},
  volume = {18},
  number = {9},
  pages = {509-517},
  author = {JL Bentley}
}
